<record><leader>00000cas a22000007a 4500</leader><controlfield tag="001">9429815</controlfield><controlfield tag="008">830420d18941908ohuwr ne      0    0eng d</controlfield><controlfield tag="009">3783</controlfield><datafield ind1=" " ind2=" " tag="010"><subfield code="a">sn 83035071 </subfield></datafield><datafield ind1=" " ind2=" " tag="040"><subfield code="a">NPY</subfield><subfield code="b">eng</subfield><subfield code="c">NPY</subfield><subfield code="d">ONP</subfield></datafield><datafield ind1="1" ind2=" " tag="029"><subfield code="a">AU@</subfield><subfield code="b">000025837839</subfield></datafield><datafield ind1=" " ind2=" " tag="042"><subfield code="a">msc</subfield></datafield><datafield ind1="0" ind2="0" tag="245"><subfield code="a">Cuyahoga County news.</subfield></datafield><datafield ind1="1" ind2="3" tag="246"><subfield code="a">County news</subfield></datafield><datafield ind1=" " ind2=" " tag="260"><subfield code="a">Cleveland, Ohio :</subfield><subfield code="b">E.C. &amp; B.P. Forbes,</subfield><subfield code="c">1894-</subfield></datafield><datafield ind1=" " ind2=" " tag="300"><subfield code="a">v. :</subfield><subfield code="b">ill. ;</subfield><subfield code="c">56 cm.</subfield></datafield><datafield ind1=" " ind2=" " tag="310"><subfield code="a">Weekly</subfield></datafield><datafield ind1="0" ind2=" " tag="362"><subfield code="a">Vol. 8, no. 26 (June 30, 1894)-</subfield></datafield><datafield ind1="1" ind2=" " tag="362"><subfield code="a">Ceased in 1908?</subfield><subfield code="z">Cf. Gutgesell, S.  Guide to Ohio newspapers, 1974.</subfield></datafield><datafield ind1=" " ind2=" " tag="500"><subfield code="a">Published simultaneously in Cleveland, Brooklyn, and Berea, Ohio 1894-.</subfield></datafield><datafield ind1=" " ind2=" " tag="500"><subfield code="a">Publishers: E.C. &amp; B.P. Forbes 1894-1896; Cuyahoga County News Pub. Co., 1897-&lt;1899&gt;.</subfield></datafield><datafield ind1=" " ind2=" " tag="500"><subfield code="a">Published on Saturday.</subfield></datafield><datafield ind1=" " ind2=" " tag="525"><subfield code="a">&lt;Vol. 13, no. 7&gt; has supplement "Republican Fraternal Clubs News."</subfield></datafield><datafield ind1=" " ind2=" " tag="550"><subfield code="a">"Official organ of the Republican Fraternal Clubs of Ohio, &lt;1899&gt;.</subfield></datafield><datafield ind1="1" ind2=" " tag="700"><subfield code="a">Forbes, Benjamin Platt,</subfield><subfield code="d">1873-</subfield></datafield><datafield ind1="1" ind2=" " tag="700"><subfield code="a">Forbes, Edwin P.</subfield></datafield><datafield ind1=" " ind2=" " tag="752"><subfield code="a">United States</subfield><subfield code="b">Ohio</subfield><subfield code="c">Cuyahoga</subfield><subfield code="d">Cleveland.</subfield></datafield><datafield ind1=" " ind2=" " tag="752"><subfield code="a">United States</subfield><subfield code="b">Ohio</subfield><subfield code="c">Cuyahoga</subfield><subfield code="d">Berea.</subfield></datafield><datafield ind1=" " ind2=" " tag="752"><subfield code="a">United States</subfield><subfield code="b">Ohio</subfield><subfield code="c">Cuyahoga</subfield><subfield code="d">Brooklyn Village.</subfield></datafield><datafield ind1="1" ind2=" " tag="770"><subfield code="a">Republican Fraternal Clubs (Ohio).</subfield><subfield code="t">Republican Fraternal Clubs news</subfield></datafield><datafield ind1="0" ind2="0" tag="780"><subfield code="t">County news (Brooklyn Village, Ohio)</subfield><subfield code="w">(DLC)sn 84028112</subfield></datafield><datafield ind1="0" ind2="0" tag="785"><subfield code="t">Cuyahoga County news-ledger</subfield></datafield></record>